<?xml version="1.0" encoding="UTF-8"?><collection xmlns="http://www.loc.gov/MARC21/slim"><record><leader>00402nam--2200145-i-4500</leader><controlfield tag="001">000023439</controlfield><controlfield tag="002">20161230</controlfield><controlfield tag="005">20161230201035</controlfield><controlfield tag="008">060222s1000------------r-----000-0-eng-d</controlfield><datafield ind1=" " ind2=" " tag="080"><subfield code="a">512.8</subfield></datafield><datafield ind1=" " ind2=" " tag="100"><subfield code="a">Humphreys, J.E</subfield></datafield><datafield ind1=" " ind2=" " tag="245"><subfield code="a">Introduction to lie algebras and representation theory</subfield></datafield><datafield ind1=" " ind2=" " tag="260"><subfield code="a">New York, Springer-verlag, 1972, Xii + 169 P</subfield></datafield><datafield ind1=" " ind2=" " tag="490"><subfield code="a">Graduate Texts In Mathematics</subfield></datafield><datafield ind1=" " ind2=" " tag="852"><subfield code="a">40953</subfield></datafield></record></collection>